@MISC{shifter,
	author = {{STMicroelectronics}},
	title = {\textbf{M74HC595 - 8-bit shift register with output latches (3-state)}},
	howpublished = {Disponível em: \url{http://www.st.com/st-web-ui/static/active/en/resource/technical/document/datasheet/CD00000339.pdf}}
}


@MISC{receiver,
	author = {{Vishay Semiconductor GmbH}},
	title = {\textbf{TSOP18}},
	howpublished = {Disponível em: \url{http://pdf1.alldatasheet.com/datasheet-pdf/view/26603/VISHAY/TSOP1836.html}}
}

@MISC{remote,
	title = {\textbf{SONY SIRC infrared protocol}},
	howpublished = {Disponível em: \url{http://picprojects.org.uk/projects/sirc/sonysirc.pdf}}
}

@MISC{pic,
	author = {{MICROCHIP}},
	title = {\textbf{16F684 Data Sheet}},
	howpublished = {Disponível em: \url{http://ww1.microchip.com/downloads/en/DeviceDoc/41202F-print.pdf}}
}

@MISC{driver,
	author = {{STMicroelectronics}},
	title = {\textbf{L293D, L293DD - PUSH-PULL FOUR CHANNEL DRIVER WITH DIODES}},
	howpublished = {Disponível em: \url{http://www.st.com/st-web-ui/static/active/en/resource/technical/document/datasheet/CD00000059.pdf}}

@MISC{display,
	author = {{PARA LIGHT ELECTRONICS CO.}},
	title = {\textbf{0.56 INCH DUAL DIGITS DISPLAY}},
	howpublished = {Disponível em: \url{http://www.paralight.us/uploads/pdf/A-562G.pdf}}
}



